<?xml version="1.0" encoding="UTF-8"?><record xmlns="http://www.loc.gov/MARC21/slim" xmlns:cinclude="http://apache.org/cocoon/include/1.0" xmlns:zs="http://www.loc.gov/zing/srw/">
  <leader>00719cz  a2200181n  4500</leader>
  <controlfield tag="001">no 00080442 </controlfield>
  <controlfield tag="003">DLC</controlfield>
  <controlfield tag="005">20130320083944.0</controlfield>
  <controlfield tag="008">001003n| azannaabn          |a aaa     c</controlfield>
  <datafield tag="010" ind1=" " ind2=" ">
    <subfield code="a">no 00080442 </subfield>
  </datafield>
  <datafield tag="035" ind1=" " ind2=" ">
    <subfield code="a">(OCoLC)oca05325332</subfield>
  </datafield>
  <datafield tag="040" ind1=" " ind2=" ">
    <subfield code="a">TNJ</subfield>
    <subfield code="b">eng</subfield>
    <subfield code="e">rda</subfield>
    <subfield code="c">TNJ</subfield>
    <subfield code="d">DLC</subfield>
  </datafield>
  <datafield tag="046" ind1=" " ind2=" ">
    <subfield code="f">1891</subfield>
  </datafield>
  <datafield tag="100" ind1="1" ind2=" ">
    <subfield code="a">Irwin, Orvis C.</subfield>
    <subfield code="q">(Orvis Carl),</subfield>
    <subfield code="d">1891-</subfield>
  </datafield>
  <datafield tag="378" ind1=" " ind2=" ">
    <subfield code="q">Orvis Carl</subfield>
  </datafield>
  <datafield tag="400" ind1="1" ind2=" ">
    <subfield code="w">nnea</subfield>
    <subfield code="a">Irwin, Orvis C.</subfield>
    <subfield code="q">(Orvis Carl),</subfield>
    <subfield code="d">b. 1891</subfield>
  </datafield>
  <datafield tag="670" ind1=" " ind2=" ">
    <subfield code="a">The amount and nature of activities of newborn infants under constant external stimulating conditions during the first ten days of life, c1930:</subfield>
    <subfield code="b">t.p. (Orvis C. Irwin)</subfield>
  </datafield>
  <datafield tag="670" ind1=" " ind2=" ">
    <subfield code="a">OCLC, Oct. 3, 2000</subfield>
    <subfield code="b">(hdgs.: Irwin, Orvis Carl, 1891- , Irwin, Orvis C., 1891- ; usage: Orvis C. Irwin)</subfield>
  </datafield>
</record>